<?xml version="1.0" encoding="UTF-8"?><collection xmlns="http://www.loc.gov/MARC21/slim"><record><leader>00488nam--2200169-i-4500</leader><controlfield tag="001">000015577</controlfield><controlfield tag="002">20161230</controlfield><controlfield tag="005">20170220181825</controlfield><controlfield tag="008">060222s1000------------r-----000-0-eng-d</controlfield><datafield ind1=" " ind2=" " tag="100"><subfield code="a">Dumitrescu, Monica</subfield></datafield><datafield ind1=" " ind2=" " tag="245"><subfield code="a">Probleme de teoria probabilitatilor si statistica matematica</subfield></datafield><datafield ind1=" " ind2=" " tag="260"><subfield code="a">Bucuresti</subfield><subfield code="b">Ed.Tehnica</subfield><subfield code="c">1985</subfield></datafield><datafield ind1=" " ind2=" " tag="300"><subfield code="a">304 p</subfield></datafield><datafield ind1=" " ind2=" " tag="490"><subfield code="a">Seria Culegeri De Probleme De Matematica Si Fizica</subfield></datafield><datafield ind1=" " ind2=" " tag="700"><subfield code="a">Tudor, Constantin</subfield></datafield><datafield ind1=" " ind2=" " tag="852"><subfield code="a">519.2</subfield></datafield><datafield ind1=" " ind2=" " tag="CAT"><subfield code="a">SYS</subfield><subfield code="c">20170220</subfield><subfield code="h">181825</subfield></datafield></record></collection>